% Hoffman's original article.
@incollection{Hoffman1981,
    author="Hoffman, D. G.",
    editor="Klarner, David A.",
    title="Packing Problems and Inequalities",
    bookTitle="The Mathematical Gardner",
    year="1981",
    publisher="Wadsworth International",
    pages="212--225",
    abstract="Four rectangular farms, each 7 miles by 8 miles, are to be carved out of a square county, 15 miles on a side. How is this to be done? (Try it yourself before peeking at the answer in Figure 1a on page 213.",
    isbn="978-1-4684-6686-7",
    doi="10.1007/978-1-4684-6686-7_19",
    url="https://doi.org/10.1007/978-1-4684-6686-7_19"
}

% Analysis of 3D problem.
@book{berlekamp_conway_guy_2004,
    title={Winning Ways for Your Mathematical Plays},
    publisher={A K Peters},
    author={Berlekamp, Elwyn R. and Conway, John H. and Guy, Richard K.},
    year={2004}
}

% 3D problem in case of equality of Hoffman's inequality.
@misc{Miller_2006,
    title = {Perfect Packing},
    author = {Miller, George},
    url = {http://www.puzzlepalace.com/#/puzzles/200625},
    howpublished = {\url{http://www.puzzlepalace.com/#/puzzles/200625}},
    year = {2006},
    note = {[Accessed: December 6, 2017]}
}

% Solutions to 3D in case of equality of Hoffman's inequality.
@misc{Knuth_2004,
    title = {Perfect Packing},
    author = {Knuth, Donald},
    url = {http://www.puzzlepalace.com/#/puzzles/200625/solution},
    howpublished = {\url{http://www.puzzlepalace.com/#/puzzles/200625/solution}},
    year = {2004},
    note = {[Accessed: December 6, 2017]}
}

% Duality in 3D and planes in 4D.
@misc{Spiridonov_2003,
    title = {Hoffman's Packing Puzzle in 3 and 4 Dimensions},
    author = {Spiridonov, Alexey},
    url = {https://alexey.im/papers/hoffman-puzzle-for-conway.pdf},
    howpublished = {\url{https://alexey.im/papers/hoffman-puzzle-for-conway.pdf}},
    year = {2003},
    note = {[Accessed: December 16, 2017]}
}

% Description of 3D problem.
@incollection{Cutler_1999,
    author="Cutler, Bill",
    editor="Berlekamp, E.R. and Rodgers, T.",
    title="Block-Packing Jambalaya",
    bookTitle="The Mathemagician and Pied Puzzler: A Collection in Tribute to Martin Gardner",
    year="1999",
    publisher={Taylor \& Francis},
    pages="169--225",
    isbn={9781568810751}
}

% Maclaurin's inequality
@incollection{Cvetkovski2012,
    author="Cvetkovski, Zdravko",
    title="Newton's Inequality, Maclaurin's Inequality",
    bookTitle="Inequalities: Theorems, Techniques and Selected Problems",
    year="2012",
    publisher="Springer Berlin Heidelberg",
    address="Berlin, Heidelberg",
    pages="117--119",
    isbn="978-3-642-23792-8",
    doi="10.1007/978-3-642-23792-8_11",
    url="https://doi.org/10.1007/978-3-642-23792-8_11"
}

% Maclaurin's inequality in relation to Subgrid criterion.
@misc{Martin2017,
    TITLE = {Inequality AM/HM <= (AM/GM)\^{}n with packing problem interpretation},
    AUTHOR = {Martin R},
    year="2017",
    HOWPUBLISHED = {Mathematics Stack Exchange (\url{https://math.stackexchange.com/q/2488264})},
    NOTE = {[Accessed: January 3, 2018]},
    EPRINT = {https://math.stackexchange.com/q/2488264},
    URL = {https://math.stackexchange.com/q/2488264}
}

% XM Book
@book{eilers_johansen_2017, place={Cambridge}, title={Introduction to experimental mathematics}, publisher={Cambridge University Press}, author={Eilers, Søren and Johansen, Rune}, year={2017}}

% Introduction to algorithms.
@book{cormen_leiserson_rivest_stein_2009, title={Introduction to algorithms}, publisher={The MIT Press}, author={Cormen, Thomas H. and Leiserson, Charles E. and Rivest, Ronald L. and Stein, Clifford}, year={2009}}

% Hoffman private
@misc{hoffman_private,
  author        = "Dean G. Hoffman",
  howpublished  = "Private communication",
  year          = "2017"
}

% CSP
@misc{bartak1998,
    TITLE = {Constraint programming},
    AUTHOR = {Barták, Roman},
    year="1998",
    HOWPUBLISHED = {\url{https://ktiml.mff.cuni.cz/~bartak/constraints/index.html}},
    NOTE = {[Accessed: January 10, 2018]},
    URL = {https://ktiml.mff.cuni.cz/~bartak/constraints/index.html}
}

% CSP 2
@article{CSP1999,
    title = "Constraint satisfaction problems: Algorithms and applications",
    journal = "European Journal of Operational Research",
    volume = "119",
    number = "3",
    pages = "557 - 581",
    year = "1999",
    issn = "0377-2217",
    doi = "https://doi.org/10.1016/S0377-2217(98)00364-6",
    url = "http://www.sciencedirect.com/science/article/pii/S0377221798003646",
    author = "Sally C. Brailsford and Chris N. Potts and Barbara M. Smith",
    keywords = "Constraint satisfaction, Combinatorial optimization, Integer programming, Local search"
}
